Type,Days_for_shipping_(real),Days_for_shipment_(scheduled),Benefit_per_order,Sales_per_customer,Delivery_Status,Late_delivery_risk,Category_Id,Category_Name,Customer_City,Customer_Country,Customer_Email,Customer_Fname,Customer_Id,Customer_Lname,Customer_Password,Customer_Segment,Customer_State,Customer_Street,Customer_Zipcode,Department_Id,Department_Name,Latitude,Longitude,Market,Order_City,Order_Country,Order_Customer_Id,order_date_(DateOrders),Order_Id,Order_Item_Cardprod_Id,Order_Item_Discount,Order_Item_Discount_Rate,Order_Item_Id,Order_Item_Product_Price,Order_Item_Profit_Ratio,Order_Item_Quantity,Sales,Order_Item_Total,Order_Profit_Per_Order,Order_Region,Order_State,Order_Status,Order_Zipcode,Product_Card_Id,Product_Category_Id,Product_Description,Product_Image,Product_Name,Product_Price,Product_Status,shipping_date_(DateOrders),Shipping_Mode
DEBIT,3,4,91.25,314.64001,Advance shipping,0,73,Sporting Goods,Caguas,Puerto Rico,XXXXXXXXX,Cally,20755,Holloway,XXXXXXXXX,Consumer,PR,5365 Noble Nectar Island,725,2,Fitness,18.25145,-66.03706,Pacific Asia,Bekasi,Indonesia,20755,1/31/2018,77202,1360,13.11,0.04,180517,328,0.29,1,327.75,314.64001,91.25,Southeast Asia,Java Occidental,COMPLETE,,1360,73,,http://images.acmesports.sports/Smart+watch,Smart watch,327.75,0,2/3/2018,Standard Class
TRANSFER,5,4,-249.09,311.35999,Late delivery,1,73,Sporting Goods,Caguas,Puerto Rico,XXXXXXXXX,Irene,19492,Luna,XXXXXXXXX,Consumer,PR,2679 Rustic Loop,725,2,Fitness,18.27945,-66.03706,Pacific Asia,Bikaner,India,19492,1/13/2018,75939,1360,16.39,0.05,179254,328,-0.8,1,327.75,311.35999,-249.09,South Asia,Rajastan,PENDING,,1360,73,,http://images.acmesports.sports/Smart+watch,Smart watch,327.75,0,1/18/2018,Standard Class
CASH,4,4,-247.78,309.72,Shipping on time,0,73,Sporting Goods,San Jose,EE. UU.,XXXXXXXXX,Gillian,19491,Maldonado,XXXXXXXXX,Consumer,CA,8510 Round Bear Gate,95125,2,Fitness,37.29223,-121.88128,Pacific Asia,Bikaner,India,19491,1/13/2018,75938,1360,18.03,0.06,179253,328,-0.8,1,327.75,309.72,-247.78,South Asia,Rajastan,CLOSED,,1360,73,,http://images.acmesports.sports/Smart+watch,Smart watch,327.75,0,1/17/2018,Standard Class
DEBIT,3,4,22.86,304.81,Advance shipping,0,73,Sporting Goods,Los Angeles,EE. UU.,XXXXXXXXX,Tana,19490,Tate,XXXXXXXXX,Home Office,CA,3200 Amber Bend,90027,2,Fitness,34.12595,-118.29102,Pacific Asia,Townsville,Australia,19490,1/13/2018,75937,1360,22.94,0.07,179252,328,0.08,1,327.75,304.81,22.86,Oceania,Queensland,COMPLETE,,1360,73,,http://images.acmesports.sports/Smart+watch,Smart watch,327.75,0,1/16/2018,Standard Class
PAYMENT,2,4,134.21001,298.25,Advance shipping,0,73,Sporting Goods,Caguas,Puerto Rico,XXXXXXXXX,Orli,19489,Hendricks,XXXXXXXXX,Corporate,PR,8671 Iron Anchor Corners,725,2,Fitness,18.25377,-66.03705,Pacific Asia,Townsville,Australia,19489,1/13/2018,75936,1360,29.5,0.09,179251,328,0.45,1,327.75,298.25,134.21,Oceania,Queensland,PENDING_PAYMENT,,1360,73,,http://images.acmesports.sports/Smart+watch,Smart watch,327.75,0,1/15/2018,Standard Class
TRANSFER,6,4,18.58,294.98001,Shipping canceled,0,73,Sporting Goods,Tonawanda,EE. UU.,XXXXXXXXX,Kimberly,19488,Flowers,XXXXXXXXX,Consumer,NY,2122 Hazy Corner,14150,2,Fitness,43.01397,-78.87907,Pacific Asia,Toowoomba,Australia,19488,1/13/2018,75935,1360,32.78,0.1,179250,328,0.06,1,327.75,294.98001,18.58,Oceania,Queensland,CANCELED,,1360,73,,http://images.acmesports.sports/Smart+watch,Smart watch,327.75,0,1/19/2018,Standard Class
DEBIT,2,1,95.18,288.42001,Late delivery,1,73,Sporting Goods,Caguas,Puerto Rico,XXXXXXXXX,Constance,19487,Terrell,XXXXXXXXX,Home Office,PR,1879 Green Pine Bank,725,2,Fitness,18.24254,-66.03706,Pacific Asia,Guangzhou,China,19487,1/13/2018,75934,1360,39.33,0.12,179249,328,0.33,1,327.75,288.42001,95.18,Eastern Asia,Guangdong,COMPLETE,,1360,73,,http://images.acmesports.sports/Smart+watch,Smart watch,327.75,0,1/15/2018,First Class
TRANSFER,2,1,68.43,285.14001,Late delivery,1,73,Sporting Goods,Miami,EE. UU.,XXXXXXXXX,Erica,19486,Stevens,XXXXXXXXX,Corporate,FL,7595 Cotton Log Row,33162,2,Fitness,25.92887,-80.16287,Pacific Asia,Guangzhou,China,19486,1/13/2018,75933,1360,42.61,0.13,179248,328,0.24,1,327.75,285.14001,68.43,Eastern Asia,Guangdong,PROCESSING,,1360,73,,http://images.acmesports.sports/Smart+watch,Smart watch,327.75,0,1/15/2018,First Class
CASH,3,2,133.72,278.59,Late delivery,1,73,Sporting Goods,Caguas,Puerto Rico,XXXXXXXXX,Nichole,19485,Olsen,XXXXXXXXX,Corporate,PR,2051 Dusty Route,725,2,Fitness,18.23322,-66.03706,Pacific Asia,Guangzhou,China,19485,1/13/2018,75932,1360,49.16,0.15,179247,328,0.48,1,327.75,278.59,133.72,Eastern Asia,Guangdong,CLOSED,,1360,73,,http://images.acmesports.sports/Smart+watch,Smart watch,327.75,0,1/16/2018,Second Class
CASH,2,1,132.14999,275.31,Late delivery,1,73,Sporting Goods,San Ramon,EE. UU.,XXXXXXXXX,Oprah,19484,Delacruz,XXXXXXXXX,Corporate,CA,9139 Blue Blossom Court,94583,2,Fitness,37.77399,-121.96663,Pacific Asia,Guangzhou,China,19484,1/13/2018,75931,1360,52.44,0.16,179246,328,0.48,1,327.75,275.31,132.15,Eastern Asia,Guangdong,CLOSED,,1360,73,,http://images.acmesports.sports/Smart+watch,Smart watch,327.75,0,1/15/2018,First Class
TRANSFER,6,2,130.58,272.03,Shipping canceled,0,73,Sporting Goods,Caguas,Puerto Rico,XXXXXXXXX,Germane,19483,Short,XXXXXXXXX,Corporate,PR,4058 Quiet Heights,725,2,Fitness,18.28284,-66.03706,Pacific Asia,Tokio,Japon,19483,1/13/2018,75930,1360,55.72,0.17,179245,328,0.48,1,327.75,272.03,130.58,Eastern Asia,Tokio,SUSPECTED_FRAUD,,1360,73,,http://images.acmesports.sports/Smart+watch,Smart watch,327.75,0,1/19/2018,Second Class
TRANSFER,5,2,45.69,268.76001,Late delivery,1,73,Sporting Goods,Freeport,EE. UU.,XXXXXXXXX,Freya,19482,Robbins,XXXXXXXXX,Consumer,NY,3243 Shady Corner,11520,2,Fitness,40.65487,-73.58707,Pacific Asia,Manado,Indonesia,19482,1/13/2018,75929,1360,59,0.18,179244,328,0.17,1,327.75,268.76001,45.69,Southeast Asia,Celebes Septentrional,PENDING,,1360,73,,http://images.acmesports.sports/Smart+watch,Smart watch,327.75,0,1/18/2018,Second Class
TRANSFER,4,2,21.76,262.20001,Late delivery,1,73,Sporting Goods,Salinas,EE. UU.,XXXXXXXXX,Cassandra,19481,Jensen,XXXXXXXXX,Corporate,CA,131 Sunny Treasure Green,93905,2,Fitness,36.67634,-121.65652,Pacific Asia,Manado,Indonesia,19481,1/13/2018,75928,1360,65.55,0.2,179243,328,0.08,1,327.75,262.20001,21.76,Southeast Asia,Celebes Septentrional,PENDING,,1360,73,,http://images.acmesports.sports/Smart+watch,Smart watch,327.75,0,1/17/2018,Second Class
DEBIT,2,1,24.58,245.81,Late delivery,1,73,Sporting Goods,Caguas,Puerto Rico,XXXXXXXXX,Natalie,19480,Mcfadden,XXXXXXXXX,Corporate,PR,2531 Wishing Square,725,2,Fitness,18.27844,-66.03706,Pacific Asia,Sangli,India,19480,1/13/2018,75927,1360,81.94,0.25,179242,328,0.1,1,327.75,245.81,24.58,South Asia,Maharashtra,COMPLETE,,1360,73,,http://images.acmesports.sports/Smart+watch,Smart watch,327.75,0,1/15/2018,First Class
TRANSFER,2,1,16.39,327.75,Late delivery,1,73,Sporting Goods,Peabody,EE. UU.,XXXXXXXXX,Kimberley,19479,Sharpe,XXXXXXXXX,Corporate,MA,6417 Silver Towers,1960,2,Fitness,42.52628,-70.92703,Pacific Asia,Sangli,India,19479,1/13/2018,75926,1360,0,0,179241,328,0.05,1,327.75,327.75,16.39,South Asia,Maharashtra,PROCESSING,,1360,73,,http://images.acmesports.sports/Smart+watch,Smart watch,327.75,0,1/15/2018,First Class
DEBIT,2,1,-259.57999,324.47,Late delivery,1,73,Sporting Goods,Caguas,Puerto Rico,XXXXXXXXX,Sade,19478,Lancaster,XXXXXXXXX,Corporate,PR,257 Harvest Close,725,2,Fitness,18.28405,-66.03706,Pacific Asia,Sangli,India,19478,1/13/2018,75925,1360,3.28,0.01,179240,328,-0.8,1,327.75,324.47,-259.58,South Asia,Maharashtra,COMPLETE,,1360,73,,http://images.acmesports.sports/Smart+watch,Smart watch,327.75,0,1/15/2018,First Class
PAYMENT,5,2,-246.36,321.20001,Late delivery,1,73,Sporting Goods,Canovanas,Puerto Rico,XXXXXXXXX,Brynne,19477,Giles,XXXXXXXXX,Corporate,PR,7342 Hazy Beacon Park,729,2,Fitness,18.39579,-65.87289,Pacific Asia,Seul,Corea del Sur,19477,1/13/2018,75924,1360,6.56,0.02,179239,328,-0.77,1,327.75,321.20001,-246.36,Eastern Asia,Seul,PENDING_PAYMENT,,1360,73,,http://images.acmesports.sports/Smart+watch,Smart watch,327.75,0,1/18/2018,Second Class
CASH,2,1,23.84,317.92001,Late delivery,1,73,Sporting Goods,Paramount,EE. UU.,XXXXXXXXX,Ciara,19476,Bird,XXXXXXXXX,Corporate,CA,7787 Lazy Corners,90723,2,Fitness,33.89869,-118.17456,Pacific Asia,Jabalpur,India,19476,1/13/2018,75923,1360,9.83,0.03,179238,328,0.08,1,327.75,317.92001,23.84,South Asia,Madhya Pradesh,CLOSED,,1360,73,,http://images.acmesports.sports/Smart+watch,Smart watch,327.75,0,1/15/2018,First Class
DEBIT,2,1,102.26,314.64001,Late delivery,1,73,Sporting Goods,Caguas,Puerto Rico,XXXXXXXXX,Bo,19475,Griffin,XXXXXXXXX,Consumer,PR,5136 Rustic Pioneer Estates,725,2,Fitness,18.23378,-66.03706,Pacific Asia,Jabalpur,India,19475,1/13/2018,75922,1360,13.11,0.04,179237,328,0.33,1,327.75,314.64001,102.26,South Asia,Madhya Pradesh,COMPLETE,,1360,73,,http://images.acmesports.sports/Smart+watch,Smart watch,327.75,0,1/15/2018,First Class
PAYMENT,0,0,87.18,311.35999,Shipping on time,0,73,Sporting Goods,Mount Prospect,EE. UU.,XXXXXXXXX,Kim,19474,Simon,XXXXXXXXX,Consumer,IL,1723 Tawny Via,60056,2,Fitness,42.04831,-87.96134,Pacific Asia,Jabalpur,India,19474,1/13/2018,75921,1360,16.39,0.05,179236,328,0.28,1,327.75,311.35999,87.18,South Asia,Madhya Pradesh,PENDING_PAYMENT,,1360,73,,http://images.acmesports.sports/Smart+watch,Smart watch,327.75,0,1/13/2018,Same Day
TRANSFER,0,0,154.86,309.72,Shipping on time,0,73,Sporting Goods,Long Beach,EE. UU.,XXXXXXXXX,Kellie,19473,Farmer,XXXXXXXXX,Corporate,CA,7111 Silent Fox Gardens,90813,2,Fitness,33.78245,-118.19225,Pacific Asia,Jabalpur,India,19473,1/13/2018,75920,1360,18.03,0.06,179235,328,0.5,1,327.75,309.72,154.86,South Asia,Madhya Pradesh,PROCESSING,,1360,73,,http://images.acmesports.sports/Smart+watch,Smart watch,327.75,0,1/13/2018,Same Day
TRANSFER,5,4,82.3,304.81,Late delivery,1,73,Sporting Goods,Caguas,Puerto Rico,XXXXXXXXX,Alma,19472,Conley,XXXXXXXXX,Corporate,PR,3732 Old Mountain Bank,725,2,Fitness,18.28338,-66.03706,Pacific Asia,Jabalpur,India,19472,1/13/2018,75919,1360,22.94,0.07,179234,328,0.27,1,327.75,304.81,82.3,South Asia,Madhya Pradesh,PENDING,,1360,73,,http://images.acmesports.sports/Smart+watch,Smart watch,327.75,0,1/18/2018,Standard Class
TRANSFER,4,2,22.37,298.25,Late delivery,1,73,Sporting Goods,Rancho Cordova,EE. UU.,XXXXXXXXX,Yeo,19471,Bird,XXXXXXXXX,Corporate,CA,6217 Rustic Lake Forest,95670,2,Fitness,38.61177,-121.28287,Pacific Asia,Geelong,Australia,19471,1/13/2018,75918,1360,29.5,0.09,179233,328,0.08,1,327.75,298.25,22.37,Oceania,Victoria,PENDING,,1360,73,,http://images.acmesports.sports/Smart+watch,Smart watch,327.75,0,1/17/2018,Second Class
TRANSFER,3,2,17.7,294.98001,Shipping canceled,0,73,Sporting Goods,Caguas,Puerto Rico,XXXXXXXXX,Lucy,19470,Mcknight,XXXXXXXXX,Corporate,PR,1082 Quiet Treasure Link,725,2,Fitness,18.20734,-66.03706,Pacific Asia,Geelong,Australia,19470,1/13/2018,75917,1360,32.78,0.1,179232,328,0.06,1,327.75,294.98001,17.7,Oceania,Victoria,CANCELED,,1360,73,,http://images.acmesports.sports/Smart+watch,Smart watch,327.75,0,1/16/2018,Second Class
TRANSFER,2,2,90.28,288.42001,Shipping canceled,0,73,Sporting Goods,Billings,EE. UU.,XXXXXXXXX,Simone,19469,Vance,XXXXXXXXX,Corporate,MT,3176 Round Gate,59102,2,Fitness,45.78831,-108.55941,Pacific Asia,Brisbane,Australia,19469,1/13/2018,75916,1360,39.33,0.12,179231,328,0.31,1,327.75,288.42001,90.28,Oceania,Queensland,SUSPECTED_FRAUD,,1360,73,,http://images.acmesports.sports/Smart+watch,Smart watch,327.75,0,1/15/2018,Second Class
DEBIT,6,2,131.17,285.14001,Late delivery,1,73,Sporting Goods,Caguas,Puerto Rico,XXXXXXXXX,Roary,19468,Wheeler,XXXXXXXXX,Corporate,PR,1426 Fallen Line,725,2,Fitness,18.26163,-66.03706,Pacific Asia,Mandurah,Australia,19468,1/13/2018,75915,1360,42.61,0.13,179230,328,0.46,1,327.75,285.14001,131.17,Oceania,Australia Occidental,COMPLETE,,1360,73,,http://images.acmesports.sports/Smart+watch,Smart watch,327.75,0,1/19/2018,Second Class
TRANSFER,5,2,90.54,278.59,Late delivery,1,73,Sporting Goods,Wilkes Barre,EE. UU.,XXXXXXXXX,Quail,19467,Ashley,XXXXXXXXX,Consumer,PA,9814 Emerald Prairie Limits,18702,2,Fitness,41.23545,-75.86986,Pacific Asia,Mandurah,Australia,19467,1/13/2018,75914,1360,49.16,0.15,179229,328,0.33,1,327.75,278.59,90.54,Oceania,Australia Occidental,PENDING,,1360,73,,http://images.acmesports.sports/Smart+watch,Smart watch,327.75,0,1/18/2018,Second Class
PAYMENT,4,4,82.59,275.31,Shipping on time,0,73,Sporting Goods,Caguas,Puerto Rico,XXXXXXXXX,Hannah,19466,Velez,XXXXXXXXX,Corporate,PR,8271 Tawny Elk Abbey,725,2,Fitness,18.27022,-66.03706,Pacific Asia,Guilin,China,19466,1/13/2018,75913,1360,52.44,0.16,179228,328,0.3,1,327.75,275.31,82.59,Eastern Asia,Guangxi,PENDING_PAYMENT,,1360,73,,http://images.acmesports.sports/Smart+watch,Smart watch,327.75,0,1/17/2018,Standard Class
DEBIT,3,4,-17.14,272.03,Advance shipping,0,73,Sporting Goods,Roseville,EE. UU.,XXXXXXXXX,Evelyn,19465,Kelly,XXXXXXXXX,Corporate,MI,3931 Gentle Ramp,48066,2,Fitness,41.86886,-84.57365,Pacific Asia,Guilin,China,19465,1/13/2018,75912,1360,55.72,0.17,179227,328,-0.06,1,327.75,272.03,-17.14,Eastern Asia,Guangxi,COMPLETE,,1360,73,,http://images.acmesports.sports/Smart+watch,Smart watch,327.75,0,1/16/2018,Standard Class
TRANSFER,2,4,23.65,268.76001,Advance shipping,0,73,Sporting Goods,Bellflower,EE. UU.,XXXXXXXXX,Jael,19464,Mcfarland,XXXXXXXXX,Consumer,CA,9699 Honey Rise,90706,2,Fitness,33.90942,-118.12536,Pacific Asia,Guilin,China,19464,1/13/2018,75911,1360,59,0.18,179226,328,0.09,1,327.75,268.76001,23.65,Eastern Asia,Guangxi,PROCESSING,,1360,73,,http://images.acmesports.sports/Smart+watch,Smart watch,327.75,0,1/15/2018,Standard Class
DEBIT,6,4,73.42,262.20001,Late delivery,1,73,Sporting Goods,Caguas,Puerto Rico,XXXXXXXXX,Teagan,19463,Romero,XXXXXXXXX,Consumer,PR,1564 Rocky Terrace,725,2,Fitness,18.27526,-66.03706,Pacific Asia,Guilin,China,19463,1/13/2018,75910,1360,65.55,0.2,179225,328,0.28,1,327.75,262.20001,73.42,Eastern Asia,Guangxi,ON_HOLD,,1360,73,,http://images.acmesports.sports/Smart+watch,Smart watch,327.75,0,1/19/2018,Standard Class
DEBIT,5,4,113.07,245.81,Late delivery,1,73,Sporting Goods,Wheaton,EE. UU.,XXXXXXXXX,Joan,19462,Wilder,XXXXXXXXX,Consumer,IL,4294 High Passage,60187,2,Fitness,41.86544,-88.1099,Pacific Asia,Delhi,India,19462,1/13/2018,75909,1360,81.94,0.25,179224,328,0.46,1,327.75,245.81,113.07,South Asia,Delhi,COMPLETE,,1360,73,,http://images.acmesports.sports/Smart+watch,Smart watch,327.75,0,1/18/2018,Standard Class
PAYMENT,4,4,24.58,327.75,Shipping on time,0,73,Sporting Goods,Caguas,Puerto Rico,XXXXXXXXX,Basia,19461,Watts,XXXXXXXXX,Consumer,PR,5918 Golden Beacon Freeway,725,2,Fitness,18.28714,-66.03706,Pacific Asia,Delhi,India,19461,1/13/2018,75908,1360,0,0,179223,328,0.08,1,327.75,327.75,24.58,South Asia,Delhi,PENDING_PAYMENT,,1360,73,,http://images.acmesports.sports/Smart+watch,Smart watch,327.75,0,1/17/2018,Standard Class
DEBIT,2,1,-97.34,324.47,Late delivery,1,73,Sporting Goods,Detroit,EE. UU.,XXXXXXXXX,Dominique,19460,Rogers,XXXXXXXXX,Consumer,MI,3915 Broad Lookout,48238,2,Fitness,42.3911,-83.13122,Pacific Asia,Suzhou,China,19460,1/13/2018,75907,1360,3.28,0.01,179222,328,-0.3,1,327.75,324.47,-97.34,Eastern Asia,Gansu,COMPLETE,,1360,73,,http://images.acmesports.sports/Smart+watch,Smart watch,327.75,0,1/15/2018,First Class
PAYMENT,2,1,-425.57999,321.20001,Late delivery,1,73,Sporting Goods,Dallas,EE. UU.,XXXXXXXXX,Ainsley,19459,Mathis,XXXXXXXXX,Consumer,TX,7190 Silver Horse Glade,75220,2,Fitness,32.86539,-96.86858,Pacific Asia,Suzhou,China,19459,1/13/2018,75906,1360,6.56,0.02,179221,328,-1.33,1,327.75,321.20001,-425.58,Eastern Asia,Gansu,PENDING_PAYMENT,,1360,73,,http://images.acmesports.sports/Smart+watch,Smart watch,327.75,0,1/15/2018,First Class
PAYMENT,2,1,152.60001,317.92001,Late delivery,1,73,Sporting Goods,Caguas,Puerto Rico,XXXXXXXXX,Aurora,19458,Sharp,XXXXXXXXX,Corporate,PR,830 Broad Beacon Maze,725,2,Fitness,18.24074,-66.03706,Pacific Asia,Singapur,Singapur,19458,1/13/2018,75905,1360,9.83,0.03,179220,328,0.48,1,327.75,317.92001,152.6,Southeast Asia,Singapur,PENDING_PAYMENT,,1360,73,,http://images.acmesports.sports/Smart+watch,Smart watch,327.75,0,1/15/2018,First Class
CASH,2,1,151.03,314.64001,Late delivery,1,73,Sporting Goods,Carlisle,EE. UU.,XXXXXXXXX,Libby,19457,Bray,XXXXXXXXX,Corporate,PA,6127 Dewy Goose Downs,17013,2,Fitness,40.03172,-76.8771,Pacific Asia,Hubli,India,19457,1/13/2018,75904,1360,13.11,0.04,179219,328,0.48,1,327.75,314.64001,151.03,South Asia,Karnataka,CLOSED,,1360,73,,http://images.acmesports.sports/Smart+watch,Smart watch,327.75,0,1/15/2018,First Class
DEBIT,2,1,62.27,311.35999,Late delivery,1,73,Sporting Goods,Dallas,EE. UU.,XXXXXXXXX,Amy,19456,Lindsay,XXXXXXXXX,Corporate,TX,1188 Old Abbey,75228,2,Fitness,32.81011,-96.68649,Pacific Asia,Wollongong,Australia,19456,1/12/2018,75903,1360,16.39,0.05,179218,328,0.2,1,327.75,311.35999,62.27,Oceania,Nueva Gales del Sur,COMPLETE,,1360,73,,http://images.acmesports.sports/Smart+watch,Smart watch,327.75,0,1/14/2018,First Class
DEBIT,1,0,35,309.72,Late delivery,1,73,Sporting Goods,Caguas,Puerto Rico,XXXXXXXXX,Ivory,19455,Parks,XXXXXXXXX,Consumer,PR,7004 Hazy Lake Townline,725,2,Fitness,18.28605,-66.03706,Pacific Asia,Wollongong,Australia,19455,1/12/2018,75902,1360,18.03,0.06,179217,328,0.11,1,327.75,309.72,35,Oceania,Nueva Gales del Sur,COMPLETE,,1360,73,,http://images.acmesports.sports/Smart+watch,Smart watch,327.75,0,1/13/2018,Same Day
TRANSFER,1,0,57.3,304.81,Shipping canceled,0,73,Sporting Goods,Newark,EE. UU.,XXXXXXXXX,Karina,19454,Prince,XXXXXXXXX,Consumer,DE,2556 Umber Autoroute,19702,2,Fitness,39.68188,-75.64421,Pacific Asia,Wollongong,Australia,19454,1/12/2018,75901,1360,22.94,0.07,179216,328,0.19,1,327.75,304.81,57.3,Oceania,Nueva Gales del Sur,CANCELED,,1360,73,,http://images.acmesports.sports/Smart+watch,Smart watch,327.75,0,1/13/2018,Same Day
PAYMENT,1,0,143.16,298.25,Late delivery,1,73,Sporting Goods,Panorama City,EE. UU.,XXXXXXXXX,Deanna,19453,Goff,XXXXXXXXX,Consumer,CA,3722 Thunder Cape,91402,2,Fitness,34.15894,-118.18094,Pacific Asia,Singapur,Singapur,19453,1/12/2018,75900,1360,29.5,0.09,179215,328,0.48,1,327.75,298.25,143.16,Southeast Asia,Singapur,PENDING_PAYMENT,,1360,73,,http://images.acmesports.sports/Smart+watch,Smart watch,327.75,0,1/13/2018,Same Day
DEBIT,1,0,135.69,294.98001,Late delivery,1,73,Sporting Goods,Caguas,Puerto Rico,XXXXXXXXX,Dacey,19452,Walters,XXXXXXXXX,Home Office,PR,2676 Velvet Common,725,2,Fitness,18.28295,-66.03706,Pacific Asia,Singapur,Singapur,19452,1/12/2018,75899,1360,32.78,0.1,179214,328,0.46,1,327.75,294.98001,135.69,Southeast Asia,Singapur,COMPLETE,,1360,73,,http://images.acmesports.sports/Smart+watch,Smart watch,327.75,0,1/13/2018,Same Day
CASH,4,4,132.67,288.42001,Shipping on time,0,73,Sporting Goods,Atlanta,EE. UU.,XXXXXXXXX,Adele,19451,Pennington,XXXXXXXXX,Home Office,GA,833 Amber Anchor Glen,30318,2,Fitness,33.81633,-84.4455,Pacific Asia,Medan,Indonesia,19451,1/12/2018,75898,1360,39.33,0.12,179213,328,0.46,1,327.75,288.42001,132.67,Southeast Asia,Sumatra Septentrional,CLOSED,,1360,73,,http://images.acmesports.sports/Smart+watch,Smart watch,327.75,0,1/16/2018,Standard Class
PAYMENT,3,4,119.76,285.14001,Advance shipping,0,73,Sporting Goods,Caguas,Puerto Rico,XXXXXXXXX,Sybill,19450,Spencer,XXXXXXXXX,Home Office,PR,830 Quaking Bear Grounds,725,2,Fitness,18.24104,-66.03706,Pacific Asia,Medan,Indonesia,19450,1/12/2018,75897,1360,42.61,0.13,179212,328,0.42,1,327.75,285.14001,119.76,Southeast Asia,Sumatra Septentrional,PENDING_PAYMENT,,1360,73,,http://images.acmesports.sports/Smart+watch,Smart watch,327.75,0,1/15/2018,Standard Class
DEBIT,2,4,31.48,278.59,Advance shipping,0,73,Sporting Goods,Fremont,EE. UU.,XXXXXXXXX,Kay,19449,Sandoval,XXXXXXXXX,Consumer,CA,1509 Middle Oak Isle,94539,2,Fitness,37.49028,-121.92711,Pacific Asia,Canberra,Australia,19449,1/12/2018,75896,1360,49.16,0.15,179211,328,0.11,1,327.75,278.59,31.48,Oceania,Territorio de la Capital Australiana,COMPLETE,,1360,73,,http://images.acmesports.sports/Smart+watch,Smart watch,327.75,0,1/14/2018,Standard Class
TRANSFER,6,4,86.17,275.31,Late delivery,1,73,Sporting Goods,Caguas,Puerto Rico,XXXXXXXXX,Stacy,19448,Mckinney,XXXXXXXXX,Corporate,PR,9712 Fallen Robin Diversion,725,2,Fitness,18.2647,-66.03706,Pacific Asia,Bangalore,India,19448,1/12/2018,75895,1360,52.44,0.16,179210,328,0.31,1,327.75,275.31,86.17,South Asia,Karnataka,PENDING,,1360,73,,http://images.acmesports.sports/Smart+watch,Smart watch,327.75,0,1/18/2018,Standard Class
TRANSFER,5,2,130.58,272.03,Late delivery,1,73,Sporting Goods,Rochester,EE. UU.,XXXXXXXXX,Marah,19447,Lara,XXXXXXXXX,Corporate,NY,8665 Sunny Deer Woods,14609,2,Fitness,43.18824,-77.56706,Pacific Asia,Bangalore,India,19447,1/12/2018,75894,1360,55.72,0.17,179209,328,0.48,1,327.75,272.03,130.58,South Asia,Karnataka,PENDING,,1360,73,,http://images.acmesports.sports/Smart+watch,Smart watch,327.75,0,1/17/2018,Second Class
TRANSFER,4,4,0,268.76001,Shipping on time,0,73,Sporting Goods,Dallas,EE. UU.,XXXXXXXXX,Taylor,19446,Wood,XXXXXXXXX,Corporate,TX,9879 Harvest Deer Farms,75211,2,Fitness,32.75369,-96.86554,Pacific Asia,Yiwu,China,19446,1/12/2018,75893,1360,59,0.18,179208,328,0,1,327.75,268.76001,0,Eastern Asia,Zhejiang,PROCESSING,,1360,73,,http://images.acmesports.sports/Smart+watch,Smart watch,327.75,0,1/16/2018,Standard Class
PAYMENT,5,2,-30.75,115.18,Late delivery,1,17,Cleats,Bayamon,Puerto Rico,XXXXXXXXX,Mary,9083,Frank,XXXXXXXXX,Home Office,PR,75 Sunny Grounds,957,4,Apparel,18.38012,-66.18313,Pacific Asia,Mirzapur,India,9083,2/24/2016,28744,365,4.8,0.04,71956,60,-0.27,2,119.98,115.18,-30.75,South Asia,Uttar Pradesh,PENDING_PAYMENT,,365,17,,http://images.acmesports.sports/Perfect+Fitness+Perfect+Rip+Deck,Perfect Fitness Perfect Rip Deck,59.99,0,2/29/2016,Second Class
PAYMENT,2,2,-122.73,79.18,Shipping on time,0,29,Shop By Sport,Caguas,Puerto Rico,XXXXXXXXX,Mary,4741,Smith,XXXXXXXXX,Home Office,PR,9731 Honey Fox Towers,725,5,Golf,18.23557,-66.37061,Pacific Asia,Bursa,Turquia,4741,10/25/2016,45461,627,0.8,0.01,113598,40,-1.55,2,79.98,79.18,-122.73,West Asia,Bursa,PENDING_PAYMENT,,627,29,,http://images.acmesports.sports/Under+Armour+Girls%27+Toddler+Spine+Surge+Running+Shoe,Under Armour Girls' Toddler Spine Surge Runni,39.99,0,10/27/2016,Second Class
PAYMENT,6,2,33.6,96,Late delivery,1,24,Women's Apparel,Caguas,Puerto Rico,XXXXXXXXX,Elizabeth,639,Pittman,XXXXXXXXX,Home Office,PR,7573 Golden Treasure Centre,725,5,Golf,18.02537,-66.61304,Pacific Asia,Murray Bridge,Australia,639,3/30/2016,31115,502,4,0.04,77757,50,0.35,2,100,96,33.6,Oceania,Australia del Sur,PENDING_PAYMENT,,502,24,,http://images.acmesports.sports/Nike+Men%27s+Dri-FIT+Victory+Golf+Polo,Nike Men's Dri-FIT Victory Golf Polo,50,0,4/5/2016,Second Class
PAYMENT,2,2,24.69,75.98,Shipping on time,0,29,Shop By Sport,Caguas,Puerto Rico,XXXXXXXXX,Katherine,9702,Tyler,XXXXXXXXX,Home Office,PR,8369 Sunny Crossing,725,5,Golf,18.27384,-66.37064,Pacific Asia,Kartal,Turquia,9702,10/30/2016,45766,627,4,0.05,114401,40,0.33,2,79.98,75.98,24.69,West Asia,Estambul,PENDING_PAYMENT,,627,29,,http://images.acmesports.sports/Under+Armour+Girls%27+Toddler+Spine+Surge+Running+Shoe,Under Armour Girls' Toddler Spine Surge Runni,39.99,0,11/1/2016,Second Class
PAYMENT,3,2,9.1,91,Late delivery,1,24,Women's Apparel,Caguas,Puerto Rico,XXXXXXXXX,Mary,9114,Smith,XXXXXXXXX,Home Office,PR,1425 Fallen Fox Arbor,725,5,Golf,18.28481,-66.37059,Pacific Asia,Ulan Bator,Mongolia,9114,11/28/2016,47752,502,9,0.09,119405,50,0.1,2,100,91,9.1,Eastern Asia,Ulan Bator,PENDING_PAYMENT,,502,24,,http://images.acmesports.sports/Nike+Men%27s+Dri-FIT+Victory+Golf+Polo,Nike Men's Dri-FIT Victory Golf Polo,50,0,12/1/2016,Second Class
PAYMENT,5,2,-21.75,87,Late delivery,1,24,Women's Apparel,Caguas,Puerto Rico,XXXXXXXXX,Dennis,1362,Smith,XXXXXXXXX,Home Office,PR,2290 Crystal Pathway,725,5,Golf,18.29497,-66.37051,Pacific Asia,Estambul,Turquia,1362,12/31/2016,50054,502,13,0.13,125135,50,-0.25,2,100,87,-21.75,West Asia,Estambul,PENDING_PAYMENT,,502,24,,http://images.acmesports.sports/Nike+Men%27s+Dri-FIT+Victory+Golf+Polo,Nike Men's Dri-FIT Victory Golf Polo,50,0,1/5/2017,Second Class
PAYMENT,6,2,6.15,82,Late delivery,1,24,Women's Apparel,Caguas,Puerto Rico,XXXXXXXXX,Mary,8011,Hill,XXXXXXXXX,Home Office,PR,6179 Noble Panda Moor,725,5,Golf,18.25571,-66.37051,Pacific Asia,Raipur,India,8011,10/25/2015,20365,502,18,0.18,50842,50,0.08,2,100,82,6.15,South Asia,Rajastan,PENDING_PAYMENT,,502,24,,http://images.acmesports.sports/Nike+Men%27s+Dri-FIT+Victory+Golf+Polo,Nike Men's Dri-FIT Victory Golf Polo,50,0,10/31/2015,Second Class
PAYMENT,2,2,22.41,74.68,Shipping on time,0,13,Electronics,Caguas,Puerto Rico,XXXXXXXXX,Mary,3296,Smith,XXXXXXXXX,Home Office,PR,8205 Silver Grove Row,725,3,Footwear,18.23466,-66.3706,USCA,Pasco,Estados Unidos,3296,6/11/2016,36146,278,15.3,0.17,90273,45,0.3,2,89.98,74.68,22.41,West of USA,Washington,PENDING_PAYMENT,99301,278,13,,http://images.acmesports.sports/Under+Armour+Men%27s+Compression+EV+SL+Slide,Under Armour Men's Compression EV SL Slide,44.99,0,6/13/2016,Second Class
PAYMENT,5,2,25.24,90.15,Late delivery,1,12,Boxing & MMA,Caguas,Puerto Rico,XXXXXXXXX,Frances,3182,Smith,XXXXXXXXX,Home Office,PR,7786 Middle Private,725,3,Footwear,18.26268,-66.3705,USCA,Los Angeles,Estados Unidos,3182,8/24/2016,41234,249,19.79,0.18,102921,55,0.28,2,109.94,90.15,25.24,West of USA,California,PENDING_PAYMENT,90049,249,12,,http://images.acmesports.sports/Under+Armour+Women%27s+Micro+G+Skulpt+Running+Shoe,Under Armour Women's Micro G Skulpt Running S,54.97,0,8/29/2016,Second Class
PAYMENT,6,2,30.57,117.58,Late delivery,1,17,Cleats,Caguas,Puerto Rico,XXXXXXXXX,Alice,7864,Smith,XXXXXXXXX,Home Office,PR,4294 High Passage,725,4,Apparel,18.28279,-66.37056,USCA,San Francisco,Estados Unidos,7864,4/13/2016,32090,365,2.4,0.02,80250,60,0.26,2,119.98,117.58,30.57,West of USA,California,PENDING_PAYMENT,94110,365,17,,http://images.acmesports.sports/Perfect+Fitness+Perfect+Rip+Deck,Perfect Fitness Perfect Rip Deck,59.99,0,4/19/2016,Second Class
PAYMENT,4,2,46.07,95.98,Late delivery,1,17,Cleats,Caguas,Puerto Rico,XXXXXXXXX,Kyle,11169,Thomas,XXXXXXXXX,Home Office,PR,5274 Easy Beach,725,4,Apparel,18.27466,-66.37058,USCA,Overland Park,Estados Unidos,11169,5/22/2016,34773,365,24,0.2,86866,60,0.48,2,119.98,95.98,46.07,US Center,Kansas,PENDING_PAYMENT,66212,365,17,,http://images.acmesports.sports/Perfect+Fitness+Perfect+Rip+Deck,Perfect Fitness Perfect Rip Deck,59.99,0,5/26/2016,Second Class
PAYMENT,2,2,-184.78,263.97,Shipping on time,0,9,Cardio Equipment,Caguas,Puerto Rico,XXXXXXXXX,Brenda,5197,Jordan,XXXXXXXXX,Home Office,PR,4692 Jagged Thicket,725,3,Footwear,18.269,-66.3705,Africa,Ugep,Nigeria,5197,10/4/2016,44046,191,36,0.12,110025,100,-0.7,3,299.97,263.97,-184.78,West Africa,Cross River,PENDING_PAYMENT,,191,9,,http://images.acmesports.sports/Nike+Men%27s+Free+5.0%2B+Running+Shoe,Nike Men's Free 5.0+ Running Shoe,99.99,0,10/6/2016,Second Class
PAYMENT,5,2,38.75,113.97,Late delivery,1,29,Shop By Sport,Caguas,Puerto Rico,XXXXXXXXX,Frank,1535,Livingston,XXXXXXXXX,Home Office,PR,5161 Crystal Quail Jetty,725,5,Golf,18.23082,-66.37052,Africa,Kinshasa,Republica Democratica del Congo,1535,11/8/2016,46414,627,6,0.05,116033,40,0.34,3,119.97,113.97,38.75,Central Africa,Kinshasa,PENDING_PAYMENT,,627,29,,http://images.acmesports.sports/Under+Armour+Girls%27+Toddler+Spine+Surge+Running+Shoe,Under Armour Girls' Toddler Spine Surge Runni,39.99,0,11/13/2016,Second Class
PAYMENT,5,2,-3.65,63.99,Late delivery,1,41,Trade-In,Caguas,Puerto Rico,XXXXXXXXX,Johnny,6122,Smith,XXXXXXXXX,Home Office,PR,1465 Round Fawn Passage,725,6,Outdoors,18.26138,-66.37057,Africa,Dakar,Senegal,6122,11/11/2016,46599,917,1.98,0.03,116462,22,-0.06,3,65.97,63.99,-3.65,West Africa,Dakar,PENDING_PAYMENT,,917,41,,http://images.acmesports.sports/Glove+It+Women%27s+Mod+Oval+3-Zip+Carry+All+Golf+Bag,Glove It Women's Mod Oval 3-Zip Carry All Gol,21.99,0,11/16/2016,Second Class
PAYMENT,5,2,38.23,79.66,Late delivery,1,37,Electronics,Caguas,Puerto Rico,XXXXXXXXX,Mary,9451,Smith,XXXXXXXXX,Home Office,PR,5723 Cinder Loop,725,6,Outdoors,18.23651,-66.37051,Africa,Casablanca,Marruecos,9451,12/8/2016,48434,828,16.31,0.17,121134,32,0.48,3,95.97,79.66,38.23,North Africa,Gran Casablanca,PENDING_PAYMENT,,828,37,,http://images.acmesports.sports/Bridgestone+e6+Straight+Distance+NFL+San+Diego+Chargers...,Bridgestone e6 Straight Distance NFL San Dieg,31.99,0,12/13/2016,Second Class
PAYMENT,3,2,129.35001,293.97,Late delivery,1,9,Cardio Equipment,Caguas,Puerto Rico,XXXXXXXXX,Mary,542,Smith,XXXXXXXXX,Home Office,PR,2991 Silent Deer Landing,725,3,Footwear,18.35921,-66.0778,Europe,Dortmund,Alemania,542,7/7/2015,12827,191,6,0.02,32072,100,0.44,3,299.97,293.97,129.35,Western Europe,Renania del Norte-Westfalia,PENDING_PAYMENT,,191,9,,http://images.acmesports.sports/Nike+Men%27s+Free+5.0%2B+Running+Shoe,Nike Men's Free 5.0+ Running Shoe,99.99,0,7/10/2015,Second Class
PAYMENT,2,2,132.28999,269.97,Shipping on time,0,9,Cardio Equipment,Caguas,Puerto Rico,XXXXXXXXX,Hannah,11329,Smith,XXXXXXXXX,Home Office,PR,5086 Emerald Fox Farms,725,3,Footwear,18.29944,-66.37052,Europe,Drancy,Francia,11329,7/22/2017,63936,191,30,0.1,159828,100,0.49,3,299.97,269.97,132.29,Western Europe,Isla de Francia,PENDING_PAYMENT,,191,9,,http://images.acmesports.sports/Nike+Men%27s+Free+5.0%2B+Running+Shoe,Nike Men's Free 5.0+ Running Shoe,99.99,0,7/24/2017,Second Class
PAYMENT,6,2,76.04,224.98,Late delivery,1,9,Cardio Equipment,Caguas,Puerto Rico,XXXXXXXXX,Mary,3570,Nelson,XXXXXXXXX,Home Office,PR,3909 Hidden Treasure Beach,725,3,Footwear,18.28997,-66.37054,Europe,Nantes,Francia,3570,8/7/2017,65030,191,74.99,0.25,162548,100,0.34,3,299.97,224.98,76.04,Western Europe,Paises del Loira,PENDING_PAYMENT,,191,9,,http://images.acmesports.sports/Nike+Men%27s+Free+5.0%2B+Running+Shoe,Nike Men's Free 5.0+ Running Shoe,99.99,0,8/13/2017,Second Class
PAYMENT,4,2,81.13,176.37,Late delivery,1,17,Cleats,Caguas,Puerto Rico,XXXXXXXXX,Austin,650,Sexton,XXXXXXXXX,Home Office,PR,4691 Cinder Crest,725,4,Apparel,18.22757,-66.04563,Europe,Groningen,Paises Bajos,650,9/22/2015,18108,365,3.6,0.02,45253,60,0.46,3,179.97,176.37,81.13,Western Europe,Groningen,PENDING_PAYMENT,,365,17,,http://images.acmesports.sports/Perfect+Fitness+Perfect+Rip+Deck,Perfect Fitness Perfect Rip Deck,59.99,0,9/26/2015,Second Class
PAYMENT,2,2,43.52,167.37,Shipping on time,0,17,Cleats,Caguas,Puerto Rico,XXXXXXXXX,Michael,9353,Scott,XXXXXXXXX,Home Office,PR,5703 Tawny Creek Townline,725,4,Apparel,18.29882,-66.3706,Europe,Gateshead,Reino Unido,9353,7/2/2017,62571,365,12.6,0.07,156394,60,0.26,3,179.97,167.37,43.52,Northern Europe,Inglaterra,PENDING_PAYMENT,,365,17,,http://images.acmesports.sports/Perfect+Fitness+Perfect+Rip+Deck,Perfect Fitness Perfect Rip Deck,59.99,0,7/4/2017,Second Class
PAYMENT,3,2,68.78,163.77,Late delivery,1,17,Cleats,Caguas,Puerto Rico,XXXXXXXXX,Mary,54,Olson,XXXXXXXXX,Home Office,PR,7333 Cinder Way,725,4,Apparel,18.02538,-66.61508,Europe,Eastbourne,Reino Unido,54,9/8/2015,17162,365,16.2,0.09,42919,60,0.42,3,179.97,163.77,68.78,Northern Europe,Inglaterra,PENDING_PAYMENT,,365,17,,http://images.acmesports.sports/Perfect+Fitness+Perfect+Rip+Deck,Perfect Fitness Perfect Rip Deck,59.99,0,9/11/2015,Second Class
PAYMENT,3,2,40.49,161.97,Late delivery,1,17,Cleats,Caguas,Puerto Rico,XXXXXXXXX,Vincent,12151,Krueger,XXXXXXXXX,Home Office,PR,9404 Heather Bluff Dale,725,4,Apparel,18.25049,-66.37063,Europe,Hayange,Francia,12151,8/20/2017,65922,365,18,0.1,164735,60,0.25,3,179.97,161.97,40.49,Western Europe,Alsacia-Champana-Ardenas-Lorena,PENDING_PAYMENT,,365,17,,http://images.acmesports.sports/Perfect+Fitness+Perfect+Rip+Deck,Perfect Fitness Perfect Rip Deck,59.99,0,8/23/2017,Second Class
PAYMENT,2,2,20.93,139.5,Shipping on time,0,24,Women's Apparel,Caguas,Puerto Rico,XXXXXXXXX,Hannah,11329,Smith,XXXXXXXXX,Home Office,PR,5086 Emerald Fox Farms,725,5,Golf,18.29944,-66.37052,Europe,Drancy,Francia,11329,7/22/2017,63936,502,10.5,0.07,159829,50,0.15,3,150,139.5,20.93,Western Europe,Isla de Francia,PENDING_PAYMENT,,502,24,,http://images.acmesports.sports/Nike+Men%27s+Dri-FIT+Victory+Golf+Polo,Nike Men's Dri-FIT Victory Golf Polo,50,0,7/24/2017,Second Class
PAYMENT,4,2,12.2,107.97,Late delivery,1,29,Shop By Sport,Caguas,Puerto Rico,XXXXXXXXX,Gregory,10018,Rodriguez,XXXXXXXXX,Home Office,PR,1632 Green Fawn Corners,725,5,Golf,18.2407,-66.37056,Europe,Portsmouth,Reino Unido,10018,8/4/2017,64813,627,12,0.1,162007,40,0.11,3,119.97,107.97,12.2,Northern Europe,Inglaterra,PENDING_PAYMENT,,627,29,,http://images.acmesports.sports/Under+Armour+Girls%27+Toddler+Spine+Surge+Running+Shoe,Under Armour Girls' Toddler Spine Surge Runni,39.99,0,8/8/2017,Second Class
PAYMENT,3,2,12.71,112.5,Late delivery,1,24,Women's Apparel,Caguas,Puerto Rico,XXXXXXXXX,Frances,3182,Smith,XXXXXXXXX,Home Office,PR,7786 Middle Private,725,5,Golf,18.26268,-66.3705,Europe,Gelsenkirchen,Alemania,3182,9/18/2017,67892,502,37.5,0.25,169747,50,0.11,3,150,112.5,12.71,Western Europe,Renania del Norte-Westfalia,PENDING_PAYMENT,,502,24,,http://images.acmesports.sports/Nike+Men%27s+Dri-FIT+Victory+Golf+Polo,Nike Men's Dri-FIT Victory Golf Polo,50,0,9/21/2017,Second Class
PAYMENT,6,2,7.76,55.41,Late delivery,1,41,Trade-In,Caguas,Puerto Rico,XXXXXXXXX,Kyle,4936,Smith,XXXXXXXXX,Home Office,PR,8344 Noble Mountain Gate,725,6,Outdoors,18.2121,-66.37051,Europe,Nice,Francia,4936,7/2/2015,12525,917,10.56,0.16,31344,22,0.14,3,65.97,55.41,7.76,Western Europe,Provenza-Alpes-Costa Azul,PENDING_PAYMENT,,917,41,,http://images.acmesports.sports/Glove+It+Women%27s+Mod+Oval+3-Zip+Carry+All+Golf+Bag,Glove It Women's Mod Oval 3-Zip Carry All Gol,21.99,0,7/8/2015,Second Class
PAYMENT,6,2,101.39,299.97,Late delivery,1,9,Cardio Equipment,Caguas,Puerto Rico,XXXXXXXXX,Lisa,8707,Smith,XXXXXXXXX,Home Office,PR,7208 Bright Landing,725,3,Footwear,18.23131,-66.37063,LATAM,Petapa,Guatemala,8707,3/28/2015,5895,191,0,0,14664,100,0.34,3,299.97,299.97,101.39,Central America,Guatemala,PENDING_PAYMENT,,191,9,,http://images.acmesports.sports/Nike+Men%27s+Free+5.0%2B+Running+Shoe,Nike Men's Free 5.0+ Running Shoe,99.99,0,4/3/2015,Second Class
PAYMENT,5,2,-285.07001,178.17,Late delivery,1,17,Cleats,Caguas,Puerto Rico,XXXXXXXXX,Megan,1025,Todd,XXXXXXXXX,Home Office,PR,1393 Umber Sky Estates,725,4,Apparel,18.29652,-66.04868,LATAM,Mejicanos,El Salvador,1025,4/2/2017,56359,365,1.8,0.01,140970,60,-1.6,3,179.97,178.17,-285.07,Central America,San Salvador,PENDING_PAYMENT,,365,17,,http://images.acmesports.sports/Perfect+Fitness+Perfect+Rip+Deck,Perfect Fitness Perfect Rip Deck,59.99,0,4/7/2017,Second Class
PAYMENT,4,2,42.74,170.97,Late delivery,1,17,Cleats,Caguas,Puerto Rico,XXXXXXXXX,Mary,8831,Smith,XXXXXXXXX,Home Office,PR,8165 Red Lane,725,4,Apparel,18.28746,-66.37054,LATAM,David,Panama,8831,5/5/2017,58613,365,9,0.05,146701,60,0.25,3,179.97,170.97,42.74,Central America,Chiriqui,PENDING_PAYMENT,,365,17,,http://images.acmesports.sports/Perfect+Fitness+Perfect+Rip+Deck,Perfect Fitness Perfect Rip Deck,59.99,0,5/9/2017,Second Class
PAYMENT,5,2,49.32,170.07001,Late delivery,1,17,Cleats,Caguas,Puerto Rico,XXXXXXXXX,Mary,10679,Smith,XXXXXXXXX,Home Office,PR,331 Grand Orchard,725,4,Apparel,18.29108,-66.37051,LATAM,Santo Domingo,Republica Dominicana,10679,4/25/2015,7824,365,9.9,0.06,19564,60,0.29,3,179.97,170.07001,49.32,Caribbean,Santo Domingo,PENDING_PAYMENT,,365,17,,http://images.acmesports.sports/Perfect+Fitness+Perfect+Rip+Deck,Perfect Fitness Perfect Rip Deck,59.99,0,4/30/2015,Second Class
PAYMENT,5,2,80.34,167.37,Late delivery,1,17,Cleats,Caguas,Puerto Rico,XXXXXXXXX,Mary,5007,Smith,XXXXXXXXX,Home Office,PR,2264 Thunder Abbey,725,4,Apparel,18.24985,-66.37051,LATAM,Cabimas,Venezuela,5007,4/25/2015,7814,365,12.6,0.07,19544,60,0.48,3,179.97,167.37,80.34,South America,Zulia,PENDING_PAYMENT,,365,17,,http://images.acmesports.sports/Perfect+Fitness+Perfect+Rip+Deck,Perfect Fitness Perfect Rip Deck,59.99,0,4/30/2015,Second Class
PAYMENT,5,2,-26.69,163.77,Late delivery,1,17,Cleats,Caguas,Puerto Rico,XXXXXXXXX,Mary,5007,Smith,XXXXXXXXX,Home Office,PR,2264 Thunder Abbey,725,4,Apparel,18.24985,-66.37051,LATAM,Cabimas,Venezuela,5007,4/25/2015,7814,365,16.2,0.09,19542,60,-0.16,3,179.97,163.77,-26.69,South America,Zulia,PENDING_PAYMENT,,365,17,,http://images.acmesports.sports/Perfect+Fitness+Perfect+Rip+Deck,Perfect Fitness Perfect Rip Deck,59.99,0,4/30/2015,Second Class
PAYMENT,3,2,-117.33,152.97,Late delivery,1,17,Cleats,Caguas,Puerto Rico,XXXXXXXXX,Mary,9854,Smith,XXXXXXXXX,Home Office,PR,9082 Merry Lookout,725,4,Apparel,18.25672,-66.37063,LATAM,Santo Domingo,Republica Dominicana,9854,6/6/2017,60807,365,27,0.15,152161,60,-0.77,3,179.97,152.97,-117.33,Caribbean,Santo Domingo,PENDING_PAYMENT,,365,17,,http://images.acmesports.sports/Perfect+Fitness+Perfect+Rip+Deck,Perfect Fitness Perfect Rip Deck,59.99,0,6/9/2017,Second Class
PAYMENT,4,2,47.88,152.97,Late delivery,1,17,Cleats,Caguas,Puerto Rico,XXXXXXXXX,Grace,376,Sanchez,XXXXXXXXX,Home Office,PR,6468 Fallen Close,725,4,Apparel,18.24754,-66.02531,LATAM,Dos Quebradas,Colombia,376,2/18/2017,53413,365,27,0.15,133456,60,0.31,3,179.97,152.97,47.88,South America,Risaralda,PENDING_PAYMENT,,365,17,,http://images.acmesports.sports/Perfect+Fitness+Perfect+Rip+Deck,Perfect Fitness Perfect Rip Deck,59.99,0,2/22/2017,Second Class
PAYMENT,4,2,72,150,Late delivery,1,24,Women's Apparel,Caguas,Puerto Rico,XXXXXXXXX,Dennis,5417,Meyer,XXXXXXXXX,Home Office,PR,7342 Hidden Walk,725,5,Golf,18.27674,-66.37055,LATAM,Ilopango,El Salvador,5417,4/26/2015,7888,502,0,0,19707,50,0.48,3,150,150,72,Central America,San Salvador,PENDING_PAYMENT,,502,24,,http://images.acmesports.sports/Nike+Men%27s+Dri-FIT+Victory+Golf+Polo,Nike Men's Dri-FIT Victory Golf Polo,50,0,4/30/2015,Second Class
PAYMENT,4,2,29.94,115.17,Late delivery,1,29,Shop By Sport,Caguas,Puerto Rico,XXXXXXXXX,Douglas,10759,Smith,XXXXXXXXX,Home Office,PR,577 Rustic Nectar Row,725,5,Golf,18.29685,-66.37051,LATAM,Tegucigalpa,Honduras,10759,4/10/2015,6783,627,4.8,0.04,16956,40,0.26,3,119.97,115.17,29.94,Central America,Francisco Morazan,PENDING_PAYMENT,,627,29,,http://images.acmesports.sports/Under+Armour+Girls%27+Toddler+Spine+Surge+Running+Shoe,Under Armour Girls' Toddler Spine Surge Runni,39.99,0,4/14/2015,Second Class
PAYMENT,4,2,23.47,144,Late delivery,1,24,Women's Apparel,Caguas,Puerto Rico,XXXXXXXXX,Mary,8541,Smith,XXXXXXXXX,Home Office,PR,5700 Little Circle,725,5,Golf,18.29609,-66.37051,LATAM,Juazeiro,Brasil,8541,4/11/2017,56973,502,6,0.04,142502,50,0.16,3,150,144,23.47,South America,Bahia,PENDING_PAYMENT,,502,24,,http://images.acmesports.sports/Nike+Men%27s+Dri-FIT+Victory+Golf+Polo,Nike Men's Dri-FIT Victory Golf Polo,50,0,4/15/2017,Second Class
PAYMENT,5,2,68.4,142.5,Late delivery,1,24,Women's Apparel,Caguas,Puerto Rico,XXXXXXXXX,Mary,10679,Smith,XXXXXXXXX,Home Office,PR,331 Grand Orchard,725,5,Golf,18.29108,-66.37051,LATAM,Santo Domingo,Republica Dominicana,10679,4/25/2015,7824,502,7.5,0.05,19563,50,0.48,3,150,142.5,68.4,Caribbean,Santo Domingo,PENDING_PAYMENT,,502,24,,http://images.acmesports.sports/Nike+Men%27s+Dri-FIT+Victory+Golf+Polo,Nike Men's Dri-FIT Victory Golf Polo,50,0,4/30/2015,Second Class
PAYMENT,6,2,43.66,139.5,Late delivery,1,24,Women's Apparel,Caguas,Puerto Rico,XXXXXXXXX,Mary,3752,Vega,XXXXXXXXX,Home Office,PR,7840 Umber Sky Villas,725,5,Golf,18.21057,-66.37058,LATAM,Mexico City,Mexico,3752,3/16/2017,55155,502,10.5,0.07,137932,50,0.31,3,150,139.5,43.66,Central America,Distrito Federal,PENDING_PAYMENT,,502,24,,http://images.acmesports.sports/Nike+Men%27s+Dri-FIT+Victory+Golf+Polo,Nike Men's Dri-FIT Victory Golf Polo,50,0,3/22/2017,Second Class
PAYMENT,2,2,13.2,132,Shipping on time,0,24,Women's Apparel,Caguas,Puerto Rico,XXXXXXXXX,Wayne,4673,Hodges,XXXXXXXXX,Home Office,PR,7509 Iron Concession,725,5,Golf,18.20112,-66.37059,LATAM,Tlaquepaque,Mexico,4673,3/29/2015,5991,502,18,0.12,14921,50,0.1,3,150,132,13.2,Central America,Jalisco,PENDING_PAYMENT,,502,24,,http://images.acmesports.sports/Nike+Men%27s+Dri-FIT+Victory+Golf+Polo,Nike Men's Dri-FIT Victory Golf Polo,50,0,3/31/2015,Second Class
PAYMENT,4,2,46.2,132,Late delivery,1,24,Women's Apparel,Caguas,Puerto Rico,XXXXXXXXX,Mary,5367,Mccormick,XXXXXXXXX,Home Office,PR,2199 Silver Autumn Key,725,5,Golf,18.21469,-66.37051,LATAM,Puebla,Mexico,5367,2/3/2015,2263,502,18,0.12,5671,50,0.35,3,150,132,46.2,Central America,Puebla,PENDING_PAYMENT,,502,24,,http://images.acmesports.sports/Nike+Men%27s+Dri-FIT+Victory+Golf+Polo,Nike Men's Dri-FIT Victory Golf Polo,50,0,2/7/2015,Second Class
PAYMENT,4,2,10.44,130.5,Late delivery,1,24,Women's Apparel,Caguas,Puerto Rico,XXXXXXXXX,Mary,5367,Mccormick,XXXXXXXXX,Home Office,PR,2199 Silver Autumn Key,725,5,Golf,18.21469,-66.37051,LATAM,Puebla,Mexico,5367,2/3/2015,2263,502,19.5,0.13,5669,50,0.08,3,150,130.5,10.44,Central America,Puebla,PENDING_PAYMENT,,502,24,,http://images.acmesports.sports/Nike+Men%27s+Dri-FIT+Victory+Golf+Polo,Nike Men's Dri-FIT Victory Golf Polo,50,0,2/7/2015,Second Class
PAYMENT,4,2,15.56,124.5,Late delivery,1,24,Women's Apparel,Caguas,Puerto Rico,XXXXXXXXX,Mary,10485,Smith,XXXXXXXXX,Home Office,PR,9470 Shady View Bend,725,5,Golf,18.28426,-66.37058,LATAM,Mexico City,Mexico,10485,2/18/2017,53403,502,25.5,0.17,133427,50,0.13,3,150,124.5,15.56,Central America,Distrito Federal,PENDING_PAYMENT,,502,24,,http://images.acmesports.sports/Nike+Men%27s+Dri-FIT+Victory+Golf+Polo,Nike Men's Dri-FIT Victory Golf Polo,50,0,2/22/2017,Second Class
PAYMENT,4,2,32.86,99.58,Late delivery,1,29,Shop By Sport,Caguas,Puerto Rico,XXXXXXXXX,Ronald,9272,Blackwell,XXXXXXXXX,Home Office,PR,9366 Silent Nectar Highway,725,5,Golf,18.20667,-66.37057,LATAM,Sao Paulo,Brasil,9272,1/18/2017,51298,627,20.39,0.17,128201,40,0.33,3,119.97,99.58,32.86,South America,Sao Paulo,PENDING_PAYMENT,,627,29,,http://images.acmesports.sports/Under+Armour+Girls%27+Toddler+Spine+Surge+Running+Shoe,Under Armour Girls' Toddler Spine Surge Runni,39.99,0,1/22/2017,Second Class
TRANSFER,5,4,9.6,240,Late delivery,1,24,Women's Apparel,Caguas,Puerto Rico,XXXXXXXXX,Mary,647,Rios,XXXXXXXXX,Consumer,PR,4167 Stony Extension,725,5,Golf,18.35908,-66.07784,LATAM,Montevideo,Uruguay,647,3/13/2015,4919,502,10,0.04,12307,50,0.04,5,250,240,9.6,South America,Montevideo,PENDING,,502,24,,http://images.acmesports.sports/Nike+Men%27s+Dri-FIT+Victory+Golf+Polo,Nike Men's Dri-FIT Victory Golf Polo,50,0,3/18/2015,Standard Class
TRANSFER,6,4,55.09,189.95,Late delivery,1,29,Shop By Sport,Caguas,Puerto Rico,XXXXXXXXX,Tammy,6398,Smith,XXXXXXXXX,Consumer,PR,7370 Sleepy Way,725,5,Golf,18.26379,-66.37053,LATAM,Buenos Aires,Argentina,6398,2/7/2017,52640,627,10,0.05,131580,40,0.29,5,199.95,189.95,55.09,South America,Buenos Aires,PENDING,,627,29,,http://images.acmesports.sports/Under+Armour+Girls%27+Toddler+Spine+Surge+Running+Shoe,Under Armour Girls' Toddler Spine Surge Runni,39.99,0,2/13/2017,Standard Class
TRANSFER,4,4,68.59,188.95,Shipping on time,0,29,Shop By Sport,Caguas,Puerto Rico,XXXXXXXXX,Mary,4209,Lara,XXXXXXXXX,Consumer,PR,1613 Broad Beach,725,5,Golf,18.2033,-66.37052,LATAM,Sao Paulo,Brasil,4209,4/3/2015,6358,627,11,0.06,15921,40,0.36,5,199.95,188.95,68.59,South America,Sao Paulo,PENDING,,627,29,,http://images.acmesports.sports/Under+Armour+Girls%27+Toddler+Spine+Surge+Running+Shoe,Under Armour Girls' Toddler Spine Surge Runni,39.99,0,4/7/2015,Standard Class
TRANSFER,2,4,51.98,236.25,Advance shipping,0,24,Women's Apparel,Caguas,Puerto Rico,XXXXXXXXX,Mary,8917,Smith,XXXXXXXXX,Consumer,PR,4992 Jagged Forest Subdivision,725,5,Golf,18.22487,-66.37052,LATAM,Barueri,Brasil,8917,4/13/2017,57106,502,13.75,0.06,142841,50,0.22,5,250,236.25,51.98,South America,Sao Paulo,PENDING,,502,24,,http://images.acmesports.sports/Nike+Men%27s+Dri-FIT+Victory+Golf+Polo,Nike Men's Dri-FIT Victory Golf Polo,50,0,4/15/2017,Standard Class
TRANSFER,6,4,-23.63,236.25,Late delivery,1,24,Women's Apparel,Caguas,Puerto Rico,XXXXXXXXX,Mary,7784,Smith,XXXXXXXXX,Consumer,PR,3216 Red Glade,725,5,Golf,18.25061,-66.37063,LATAM,Arapongas,Brasil,7784,4/2/2015,6245,502,13.75,0.06,15634,50,-0.1,5,250,236.25,-23.63,South America,Parana,PENDING,,502,24,,http://images.acmesports.sports/Nike+Men%27s+Dri-FIT+Victory+Golf+Polo,Nike Men's Dri-FIT Victory Golf Polo,50,0,4/8/2015,Standard Class
TRANSFER,2,4,66.89,136.5,Advance shipping,0,29,Shop By Sport,Caguas,Puerto Rico,XXXXXXXXX,Christina,1425,Harvey,XXXXXXXXX,Consumer,PR,3481 Crystal Campus,725,5,Golf,18.2734,-66.37052,LATAM,Camaguey,Cuba,1425,1/31/2017,52166,642,13.5,0.09,130341,30,0.49,5,150,136.5,66.89,Caribbean,Camaguey,PENDING,,642,29,,http://images.acmesports.sports/Columbia+Men%27s+PFG+Anchor+Tough+T-Shirt,Columbia Men's PFG Anchor Tough T-Shirt,30,0,2/2/2017,Standard Class
